@misc{r1,
	author = {},
	title = {{H}ow to {I}mplement {K} fold {C}ross-{V}alidation in {S}cikit-{L}earn --- section.io},
	howpublished = {\url{https://www.section.io/engineering-education/how-to-implement-k-fold-cross-validation/}},
	year = {},
	note = {[Accessed 11-08-2023]},
}

@misc{mediumCrossValidationUsing,
	author = {Isheunesu Tembo},
	title = {{C}ross-{V}alidation {U}sing {K}-{F}old {W}ith {S}cikit-{L}earn --- isheunesu48.medium.com},
	howpublished = {\url{https://isheunesu48.medium.com/cross-validation-using-k-fold-with-scikit-learn-cfc44bf1ce6}},
	year = {},
	note = {[Accessed 11-08-2023]},
}

@misc{nkmkPandasNumber,
	author = {},
	title = {pandas: {G}et the number of rows, columns, elements (size) of {D}ata{F}rame | note.nkmk.me --- note.nkmk.me},
	howpublished = {\url{https://note.nkmk.me/en/python-pandas-len-shape-size/#get-the-number-of-rows-and-columns-dfshape}},
	year = {},
	note = {[Accessed 16-08-2023]},
}

@misc{geeksforgeeksPythonPandas,
	author = {},
	title = {{P}ython | {P}andas dataframe.drop_duplicates() - {G}eeksfor{G}eeks --- geeksforgeeks.org},
	howpublished = {\url{https://www.geeksforgeeks.org/python-pandas-dataframe-drop_duplicates/}},
	year = {},
	note = {[Accessed 16-08-2023]},
}

@misc{geeksforgeeksMultipleLinear,
	author = {},
	title = {{M}{L} | {M}ultiple {L}inear {R}egression using {P}ython - {G}eeksfor{G}eeks --- geeksforgeeks.org},
	howpublished = {\url{https://www.geeksforgeeks.org/ml-multiple-linear-regression-using-python/}},
	year = {},
	note = {[Accessed 19-08-2023]},
}

@misc{kaggleFindingMost,
	author = {},
	title = {{F}inding the most correlating variables  --- kaggle.com},
	howpublished = {\url{https://www.kaggle.com/code/vmalyi/finding-the-most-correlating-variables}},
	year = {},
	note = {[Accessed 19-08-2023]},
}

@misc{pandasreadcsv,
	author = {},
	title = {pandas.read\_csv; pandas 2.0.3 documentation --- pandas.pydata.org},
	howpublished = {\url{https://pandas.pydata.org/docs/reference/api/pandas.read\_csv.html}},
	year = {},
	note = {[Accessed 11-08-2023]},
}

@misc{pydataPandasDataFramedrop,
	author = {},
	title = {pandas.{D}ata{F}rame.drop; pandas 2.0.3 documentation --- pandas.pydata.org},
	howpublished = {\url{https://pandas.pydata.org/docs/reference/api/pandas.DataFrame.drop.html}},
	year = {},
	note = {[Accessed 19-08-2023]},
}

@misc{pydataPandasDataFramecorr,
	author = {},
	title = {pandas.{D}ata{F}rame.corr; pandas 2.0.3 documentation --- pandas.pydata.org},
	howpublished = {\url{https://pandas.pydata.org/docs/reference/api/pandas.DataFrame.corr.html}},
	year = {},
	note = {[Accessed 19-08-2023]},
}

@misc{wikipediaPearsonCorrelation,
	author = {},
	title = {{P}earson correlation coefficient - {W}ikipedia --- en.wikipedia.org},
	howpublished = {\url{https://en.wikipedia.org/wiki/Pearson_correlation_coefficient}},
	year = {},
	note = {[Accessed 19-08-2023]},
}

@misc{projectproDropHighly,
	author = {},
	title = {{H}ow to drop out highly correlated features in {P}ython? -  --- projectpro.io},
	howpublished = {\url{https://www.projectpro.io/recipes/drop-out-highly-correlated-features-in-python}},
	year = {},
	note = {[Accessed 16-08-2023]},
}

@misc{numpyNumpylinalginv,
	author = {},
	title = {numpy.linalg.inv; {N}um{P}y v1.25 {M}anual --- numpy.org},
	howpublished = {\url{https://numpy.org/doc/stable/reference/generated/numpy.linalg.inv.html}},
	year = {},
	note = {[Accessed 11-08-2023]},
}

@misc{numpyNumpyravel,
	author = {},
	title = {numpy.ravel; {N}um{P}y v1.25 {M}anual --- numpy.org},
	howpublished = {\url{https://numpy.org/doc/stable/reference/generated/numpy.ravel.html}},
	year = {},
	note = {[Accessed 11-08-2023]},
}

@misc{stackoverflowCOrder,
	author = {},
	title = {{C}heapest way to get a numpy array into {C}-contiguous order? --- stackoverflow.com},
	howpublished = {\url{https://stackoverflow.com/questions/29947639/cheapest-way-to-get-a-numpy-array-into-c-contiguous-order}},
	year = {},
	note = {[Accessed 11-08-2023]},
}

@misc{numpyNumpysum,
	author = {},
	title = {numpy.sum; {N}um{P}y v1.25 {M}anual --- numpy.org},
	howpublished = {\url{https://numpy.org/doc/stable/reference/generated/numpy.sum.html}},
	year = {},
	note = {[Accessed 11-08-2023]},
}

@misc{numpyNumpymean,
	author = {},
	title = {numpy.mean; {N}um{P}y v1.25 {M}anual --- numpy.org},
	howpublished = {\url{https://numpy.org/doc/stable/reference/generated/numpy.mean.html}},
	year = {},
	note = {[Accessed 11-08-2023]},
}

@misc{numpyNumpytriu,
	author = {},
	title = {numpy.triu; {N}um{P}y v1.25 {M}anual --- numpy.org},
	howpublished = {\url{https://numpy.org/doc/stable/reference/generated/numpy.triu.html}},
	year = {},
	note = {[Accessed 19-08-2023]},
}

@misc{numpyNumpywhere,
	author = {},
	title = {numpy.where; {N}um{P}y v1.25 {M}anual --- numpy.org},
	howpublished = {\url{https://numpy.org/doc/stable/reference/generated/numpy.where.html}},
	year = {},
	note = {[Accessed 19-08-2023]},
}

@misc{numpyNumpyones,
	author = {},
	title = {numpy.ones; {N}um{P}y v1.25 {M}anual --- numpy.org},
	howpublished = {\url{https://numpy.org/doc/stable/reference/generated/numpy.ones.html}},
	year = {},
	note = {[Accessed 19-08-2023]},
}

@misc{pydataSeabornheatmap,
	author = {},
	title = {seaborn.heatmap; seaborn 0.12.2 documentation --- seaborn.pydata.org},
	howpublished = {\url{https://seaborn.pydata.org/generated/seaborn.heatmap.html}},
	year = {},
	note = {[Accessed 19-08-2023]},
}

@misc{scikitlearnSklearnmodel,
	author = {},
	title = {sklearn.model\_selection.{K}{F}old --- scikit-learn.org},
	howpublished = {\url{https://scikit-learn.org/stable/modules/generated/sklearn.model_selection.KFold.html}},
	year = {},
	note = {[Accessed 11-08-2023]},
}

@misc{datagyIntroductionScikitLearn,
	author = {Nik},
	title = {{I}ntroduction to {S}cikit-{L}earn (sklearn) in {P}ython • datagy --- datagy.io},
	howpublished = {\url{https://datagy.io/python-scikit-learn-introduction/}},
	year = {},
	note = {[Accessed 23-08-2023]},
}

@misc{stackoverflowRandomState,
	author = {},
	title = {{R}andom state ({P}seudo-random number) in {S}cikit learn --- stackoverflow.com},
	howpublished = {\url{https://stackoverflow.com/questions/28064634/random-state-pseudo-random-number-in-scikit-learn}},
	year = {},
	note = {[Accessed 16-08-2023]},
}

@misc{wikipediaRandomSeed,
	author = {},
	title = {{R}andom seed - {W}ikipedia --- en.wikipedia.org},
	howpublished = {\url{https://en.wikipedia.org/wiki/Random_seed}},
	year = {},
	note = {[Accessed 16-08-2023]},
}

@misc{stackexchangeChoiceKfold,
	author = {},
	title = {{C}hoice of {K} in {K}-fold cross-validation --- stats.stackexchange.com},
	howpublished = {\url{https://stats.stackexchange.com/questions/27730/choice-of-k-in-k-fold-cross-validation}},
	year = {},
	note = {[Accessed 16-08-2023]},
}

@misc{kaggleEngineeringGraduate,
	author = {},
	title = {{E}ngineering {G}raduate {S}alary {P}rediction --- kaggle.com},
	howpublished = {\url{https://www.kaggle.com/datasets/manishkc06/engineering-graduate-salary-prediction}},
	year = {},
	note = {[Accessed 23-08-2023]},
}

@misc{personalityTraitsPredict,
	author = {University of Arkansas},
	title = {{P}ersonality traits predict performance differently across different jobs --- sciencedaily.com},
	howpublished = {\url{https://www.sciencedaily.com/releases/2021/12/211213181545.htm}},
	year = {2021},
	note = {[Accessed 23-08-2023]},
}

@misc{personalityTraitsPredict2,
	author = {Jade Scipioni},
	title = {{T}hese 2 personality traits can help determine whether you get a promotion or high salary --- cnbc.com},
	howpublished = {\url{https://www.cnbc.com/2022/04/24/report-personality-traits-correlate-with-promotions-high-salaries.html}},
	year = {2022},
	note = {[Accessed 23-08-2023]},
}

@misc{forbesScientistsDiscoverSalary,
	author = {Bryan Robinson, Ph.D.},
	title = {{S}cientists {D}iscover {T}he {L}ink {B}etween {Y}our {P}ersonality {A}nd {D}egree {O}f {C}areer {S}uccess --- forbes.com},
	howpublished = {\url{https://www.forbes.com/sites/bryanrobinson/2020/12/05/scientists-discover-the-link-between-your-personality-and-degree-of-career-success/?sh=723511ac7c4c}},
	year = {},
	note = {[Accessed 23-08-2023]},
}

@misc{getmyuniAMCATUseful,
	author = {},
	title = {{I}s {A}{M}{C}{A}{T} {U}seful for {F}reshers? - {G}etmyuni --- getmyuni.com},
	howpublished = {\url{https://www.getmyuni.com/articles/how-useful-is-amcat}},
	year = {},
	note = {[Accessed 16-08-2023]},
}

@misc{hcmusLearningManagement,
	author = {},
	title = {{L}earning {M}anagement {S}ystem - fit@hcmus --- courses.ctda.hcmus.edu.vn},
	howpublished = {\url{https://courses.ctda.hcmus.edu.vn/pluginfile.php/108900/mod_folder/content/0/MSSV.ipynb?forcedownload=1}},
	year = {},
	note = {[Accessed 16-08-2023]},
}

@misc{hbrCorrelationMake,
	author = {},
	title = {{H}ow to {U}se {C}orrelation to {M}ake {P}redictions --- hbr.org},
	howpublished = {\url{https://hbr.org/2022/04/how-to-use-correlation-to-make-predictions}},
	year = {},
	note = {[Accessed 16-08-2023]},
}

@misc{stackexchangeCorrelationNeeded,
	author = {},
	title = {{I}s correlation needed when building a model? --- datascience.stackexchange.com},
	howpublished = {\url{https://datascience.stackexchange.com/questions/29051/is-correlation-needed-when-building-a-model}},
	year = {},
	note = {[Accessed 16-08-2023]},
}

@misc{multicollinearity,
	author = {},
	title = {Đa {C}ộng {T}uyến {L}à {G}ì? {N}guyên {N}hân {V}à {C}ách {K}hắc {P}hục Đa {C}ộng {T}uyến {N}hanh {N}hất --- luanvan1080.com},
	howpublished = {\url{https://luanvan1080.com/da-cong-tuyen-la-gi.html}},
	year = {},
	note = {[Accessed 24-08-2023]},
}